<record><leader>00000cas a22000007a 4500</leader><controlfield tag="001">10509210</controlfield><controlfield tag="008">840312d18451849maucr ne      0    0eng d</controlfield><controlfield tag="009">3768</controlfield><datafield ind1=" " ind2=" " tag="010"><subfield code="a">sn 84022621 </subfield></datafield><datafield ind1=" " ind2=" " tag="040"><subfield code="a">NPX</subfield><subfield code="b">eng</subfield><subfield code="c">NPX</subfield><subfield code="d">DLC</subfield><subfield code="d">MGN</subfield></datafield><datafield ind1="1" ind2=" " tag="029"><subfield code="a">AU@</subfield><subfield code="b">000025817054</subfield></datafield><datafield ind1=" " ind2=" " tag="042"><subfield code="a">msc</subfield></datafield><datafield ind1=" " ind2=" " tag="043"><subfield code="a">n-us-ma</subfield></datafield><datafield ind1="0" ind2="0" tag="050"><subfield code="a">Newspaper 8160-X</subfield></datafield><datafield ind1="0" ind2=" " tag="130"><subfield code="a">Boston journal (Boston, Mass. : Semiweekly)</subfield></datafield><datafield ind1="0" ind2="0" tag="245"><subfield code="a">Boston journal.</subfield></datafield><datafield ind1=" " ind2=" " tag="260"><subfield code="a">Boston [Mass.] :</subfield><subfield code="b">Sleeper &amp; Rogers,</subfield><subfield code="c">1845-1849.</subfield></datafield><datafield ind1=" " ind2=" " tag="300"><subfield code="a">4 v. ;</subfield><subfield code="c">69 cm.</subfield></datafield><datafield ind1=" " ind2=" " tag="310"><subfield code="a">Semiweekly</subfield></datafield><datafield ind1="0" ind2=" " tag="362"><subfield code="a">Vol. 11, no. 1069 (Apr. 5, 1845)-v. 14, no. 1811 (Apr. 20, 1849).</subfield></datafield><datafield ind1=" " ind2=" " tag="580"><subfield code="a">Daily ed.: Boston daily journal (Boston, Mass. : 1845).</subfield></datafield><datafield ind1=" " ind2=" " tag="580"><subfield code="a">Weekly ed.: Boston journal (Boston, Mass. : Weekly).</subfield></datafield><datafield ind1=" " ind2=" " tag="752"><subfield code="a">United States</subfield><subfield code="b">Massachusetts</subfield><subfield code="c">Suffolk</subfield><subfield code="d">Boston.</subfield></datafield><datafield ind1="1" ind2=" " tag="775"><subfield code="t">Boston daily journal (Boston, Mass. : 1845)</subfield><subfield code="w">(DLC)sn 84022618</subfield></datafield><datafield ind1="1" ind2=" " tag="775"><subfield code="t">Boston journal (Boston, Mass. : Weekly)</subfield><subfield code="w">(DLC)sn 84022625</subfield></datafield><datafield ind1="0" ind2=" " tag="775"><subfield code="t">Boston journal for California</subfield><subfield code="w">(DLC)sn 84022627</subfield></datafield><datafield ind1="0" ind2="0" tag="780"><subfield code="t">Boston mercantile journal (Boston, Mass. : Semiweekly)</subfield><subfield code="w">(DLC)sn 84022620</subfield></datafield><datafield ind1="0" ind2="0" tag="785"><subfield code="t">Boston semi-weekly journal</subfield><subfield code="w">(DLC)sn 84022622</subfield></datafield></record>